@online{database,
    title = {База данных},
    url = {https://www.oracle.com/cis/database/what-is-database/},
    urldate = {2022-05-13},
    language = "russian"
}

@online{subd,
    title = {Система управления базами данных},
    url = {https://www.britannica.com/technology/database-management-system},
    urldate = {2022-05-13},
    language = "english"
}
@online{microservice,
    title = {Микросервисная архитектура},
    url = {https://www.atlassian.com/ru/continuous-delivery/microservices},
    urldate = {2022-05-13},
    language = "russian",
}
@online{OLTP,
    title = {Online transaction processing},
    url = {https://en.wikipedia.org/wiki/Online_transaction_processing},
    urldate = {2022-05-13},
    language = "english",
}
@online{OLAP,
    title="OLAP | IBM",
    url = {https://www.ibm.com/cloud/learn/olap},
    urldate = {2022-05-13},
    language = "english",
}
@online{postgresql,
    title = {PostgreSQL},
    url = {https://www.postgresql.org/},
    urldate = {2022-05-13},
    language = "russian"
}
@online{db-engines-rating-relational,
    title = {DBMS popularity broken down by database model},
    url = {https://db-engines.com/en/ranking/relational+dbms},
    urldate = {2022-05-13},
    language = "english"
}

@online{ACID,
    title="What does ACID mean in Database Systems?",
    url = {https://database.guide/what-is-acid-in-databases/},
    urldate = {2022-05-13},
    language = "english",
}

@online{MVCC,
    title="Documentation: 14: 13.1. Introduction - PostgreSQL",
    url = {https://www.postgresql.org/docs/14/mvcc-intro.html},
    urldate = {2022-05-13},
    language = "russian",
}

@online{oracle,
    title = {Oracle database},
    url = {https://www.oracle.com/cis/database/},
    urldate = {2022-05-13},
    language = "russian"
}

@online{mysql,
    title = {MySQL},
    url = {https://www.mysql.com/},
    urldate = {2022-05-13},
    language = "english"
}

@online{redis,
    title = {Redis},
    url = {https://redis.io/},
    urldate = {2022-05-13},
    language = "english"
}

@online{tarantool,
    title = {Tarantool},
    url = {https://www.tarantool.io/ru/},
    urldate = {2022-05-13},
    language = "russian"
}

@online{mongodb,
    title = {MongoDB},
    url = {https://www.mongodb.com/},
    urldate = {2022-05-13},
    language = "russian"
}